@book{MontRos,
author = {Sebastián Montiel and Antonio Ros},
title = {Curves and Surfaces},
publisher = {American Mathematical Society},
year = 2005,
edition = {First},
isbn = {0-8218-3815-6},
keywords = {maths}
}
@book{Simon,
author = {Leon Simon},
title = {Lectures on Geometric Measure Theory},
publisher = {Australian National University},
year = 1983,
edition = {Third},
isbn = {0-86784-429-9},
keywords = {maths}
}
@misc{Ritore,
    author =       "Manuel Ritoré and Antonio Ros",
    title =        "Recent advances in isoperimetric problems"
}
@article{Rosales,
    author =       "César Rosales",
    title =        "Stable constant mean curvature hypersurfaces inside convex domains",
    journal =      "Differential Geometry and its Applications",
    volume =       "165-177",
    year =         "2005",
    keywords = {maths}
}
@book{VegasMontaner,
author = {Carlos Fernández Pérez and José Manuel Vegas Montaner},
title = {Ecuaciones diferenciales II: Ecuaciones no lineales},
publisher = {Pirámide},
year = 1996,
edition = {First},
isbn = {978-84-368-1021-9},
keywords = {maths}
}
@article{doCarmo,
    author =       "João Lucas Barbosa and Manfredo do Carmo",
    title =        "Stability of Hypersurfaces with Constant Mean Curvature",
    journal =      "Mathematische Zeitschrift",
    volume =       "185",
    year =         "1984",
    keywords = {maths}
}
@article{CastroRosales,
    author =       "Katherine Castro and César Rosales",
    title =        "Free boundary stable hypersurfaces in manifolds with density and rigidity results",
    journal =      "Journal of Geometry and Physics",
    volume =       "79",
    year =         "2014",
    keywords = {maths}
}
@article{SternbergZumbrun,
    author =       "Peter Sternberg and Kevin Zumbrun",
    title =        "On the Connectivity of Boundaries of Sets Minimizing Perimeter Subject to a Volume Constraint",
    journal =      "Communications in Analysis and Geometry",
    volume =       "7",
    year =         "1999",
    keywords = {maths}
}
@book{Bredon,
author = {Glen E. Bredon},
title = {Topology and Geometry},
publisher = {Springer},
year = 1993,
edition = {First},
isbn = {978-0-387-97926-7},
keywords = {maths}
}
@article{Whitted,
    author =       "Turner Whitted",
    title =        "An Improved Illumination Model for Shaded Display",
    journal =      "Communications of the ACM",
    volume =       "23",
    number =       "6",
    year =         "1980",
    keywords = {compsci}
}
@book{pbrt,
author = {Matt Pharr and Wenzel Jakob and Greg Humphreys},
title = {Phisically Based Rendering: From Theory to Implementation},
publisher = {Morgan Kaufmann},
year = 2016,
edition = {Third},
isbn = {9780128006450},
keywords = {compsci}
}
@misc{RestOfYourLife,
    author =       "Peter Shirley",
    title =        "Ray Tracing: The Rest of Your Life",
    year =        "2019",
    keywords = {compsci}
}
@misc{NextWeek,
    author =       "Peter Shirley",
    title =        "Ray Tracing: The Next Week",
    year =        "2019",
    keywords = {compsci}
}
@misc{Weekend,
    author =       "Peter Shirley",
    title =        "Ray Tracing in One Weekend",
    year =        "2019",
    keywords = {compsci}
}
@article{Press,
    author =       "William H. Press and Glennys R. Farrar",
    title =        "Recursive Stratified Sampling for Multidimensional Monte Carlo Integration",
    journal =      "Computers in Physics",
    volume =       "4",
    year =         "1990",
    keywords = {compsci}
}
@article{owen,
    author =       "William H. Press and Glennys R. Farrar",
    title =        "Safe and effective importance sampling",
    journal =      "Journal of the American Statistical Association",
    volume =       "95",
    number =       "449",
    year =         "2000",
    keywords = {compsci}
}
@article{ur2013,
    author =       "Carlos Ureña and Marcos Fajardo and Alan King",
    title =        "An Area-Preserving Parametrization for Spherical Rectangles",
    journal =      "Eurographics Symposium on Rendering",
    year =         "2013",
    number =       "4",
    volume =       "32",
    keywords = {compsci}
}
@article{ur2017,
    author =       "Ibón Guillén and Carlos Ureña and Alan King and Marcos Fajardo and Iliyan Gerogiev and Jorge López-Moreno and Adrian Jarabo",
    title =        "Area-Preserving Parametrizations for Spherical Ellipses",
    journal =      "Eurographics Symposium on Rendering",
    year =         "2017",
    number =       "4",
    volume =       "36",
    keywords = {compsci}
}
@article{ur2018,
    author =       "Carlos Ureña and Marcos Fajardo and Alan King",
    title =        "An Area-Preserving Parametrization for Spherical Rectangles",
    journal =      "Eurographics Symposium on Rendering",
    year =         "2018",
    number =       "4",
    volume =       "37",
    keywords = {compsci}
}
@misc{nvidia,
    author =       "NVIDIA",
    title =        "CES 2019",
    url = "https://www.nvidia.com/es-es/events/ces/",
    keywords = {compsci}
}
@article{arnold,
    author =       "Iliyan Georgiev and Thiago Ize and Mike Farnsworth and Ramón Montoya-Vozmediano and Alan King and Brecht Van Lommel and Angel Jimenez and Oscar Anson and Shinji Ogaki and Eric Johnston and Adrien Herubel and Declan Russell and Frédéric Servant and Marcos Fajardo",
    title =        "Arnold: A Brute-Force Production Path Tracer",
    journal =      "ACM Transactions on Graphics (TOG)",
    year =         "2018",
    number =       "3",
    volume =       "37",
    keywords = {compsci}
}
@misc{productionVolume,
    author =       "Julian Fong and Magnus Wrenninge and Christopher Kulla and Ralf Habel",
    title =        "Production Volume Rendering",
    journal =      "SIGGRAPH 2017 Courses",
    keywords = {compsci}
}
@article{cook,
    author =       "Robert L. Cook and Thomas Porter and Loren Carpenter",
    title =        "Distributed Ray Tracing",
    journal =      "SIGGRAPH Conference Proceedings",
    year =         "1984",
    number =       "3",
    volume =       "18",
    keywords = {compsci}
}
@article{kajiya,
    author =       "James T. Kajiya",
    title =        "The rendering equation",
    journal =      "ACM SIGGRAPH Computer Graphics",
    year =         "1986",
    number =       "4",
    volume =       "20",
    keywords = {compsci}
}
